<?xml version="1.0" encoding="UTF-8"?><collection xmlns="http://www.loc.gov/MARC21/slim"><record><leader>00388nam--2200145-i-4500</leader><controlfield tag="001">000007618</controlfield><controlfield tag="002">20161230</controlfield><controlfield tag="005">20170212000418</controlfield><controlfield tag="008">060222s1000------------r-----000-0-eng-d</controlfield><datafield ind1=" " ind2=" " tag="100"><subfield code="a">Brown, R</subfield></datafield><datafield ind1=" " ind2=" " tag="245"><subfield code="a">Ionisation chamber - neutrino event correlation study</subfield></datafield><datafield ind1=" " ind2=" " tag="260"><subfield code="a">Meyrin</subfield><subfield code="b">5-th May</subfield><subfield code="c">1964</subfield></datafield><datafield ind1=" " ind2=" " tag="300"><subfield code="a">4p + IV Table</subfield></datafield><datafield ind1=" " ind2=" " tag="852"><subfield code="a">539.123:539.1.074.22</subfield></datafield><datafield ind1=" " ind2=" " tag="CAT"><subfield code="a">SYS</subfield><subfield code="c">20170212</subfield><subfield code="h">000418</subfield></datafield></record></collection>